<record><leader>00000cas a22000007a 4500</leader><controlfield tag="001">12797693</controlfield><controlfield tag="008">851115d18811911iauwr ne      0    0eng d</controlfield><datafield ind1=" " ind2=" " tag="010"><subfield code="a">sn 85049826 </subfield></datafield><datafield ind1=" " ind2=" " tag="040"><subfield code="a">INP</subfield><subfield code="b">eng</subfield><subfield code="c">INP</subfield><subfield code="d">OCLCQ</subfield></datafield><datafield ind1=" " ind2=" " tag="042"><subfield code="a">msc</subfield></datafield><datafield ind1="0" ind2=" " tag="130"><subfield code="a">Carroll sentinel (Carroll, Iowa : 1881)</subfield></datafield><datafield ind1="1" ind2="4" tag="245"><subfield code="a">The Carroll sentinel.</subfield></datafield><datafield ind1=" " ind2=" " tag="260"><subfield code="a">Carroll, Carroll County, Iowa :</subfield><subfield code="b">M. Miller,</subfield><subfield code="c">-1911.</subfield></datafield><datafield ind1=" " ind2=" " tag="300"><subfield code="a">v. :</subfield><subfield code="b">ill. ;</subfield><subfield code="c">60 cm.</subfield></datafield><datafield ind1=" " ind2=" " tag="310"><subfield code="a">Weekly,</subfield><subfield code="b">June 2, 1903-Aug. 8, 1911</subfield></datafield><datafield ind1=" " ind2=" " tag="321"><subfield code="a">Weekly,</subfield><subfield code="b">&lt;1881&gt;-Jan. 1, 1897</subfield></datafield><datafield ind1=" " ind2=" " tag="321"><subfield code="a">Semiweekly,</subfield><subfield code="b">Jan. 7, 1897-May 28, 1903</subfield></datafield><datafield ind1="1" ind2=" " tag="362"><subfield code="a">Began in 1881?</subfield><subfield code="z">Cf. Bibl. of Iowa newspapers.</subfield></datafield><datafield ind1="0" ind2=" " tag="362"><subfield code="a">-v. 35, no. 15 (Aug. 8, 1911).</subfield></datafield><datafield ind1=" " ind2=" " tag="500"><subfield code="a">Publisher varies.</subfield></datafield><datafield ind1=" " ind2=" " tag="515"><subfield code="a">Issues for &lt;May 9, 1884&gt;-Aug. 8, 1911, called also whole no. &lt;365&gt;-1783.</subfield></datafield><datafield ind1=" " ind2=" " tag="588"><subfield code="a">Description based on: Vol. 8, new ser. no. 1 (May 9, 1884).</subfield></datafield><datafield ind1=" " ind2=" " tag="752"><subfield code="a">United States</subfield><subfield code="b">Iowa</subfield><subfield code="c">Carroll</subfield><subfield code="d">Carroll.</subfield></datafield><datafield ind1="0" ind2=" " tag="775"><subfield code="t">Daily sentinel (Carroll, Iowa)</subfield><subfield code="w">(DLC)sn 85049827</subfield><subfield code="g">Jan. 21, 1891-Jan. 5, 1892</subfield></datafield><datafield ind1="0" ind2=" " tag="775"><subfield code="t">Carroll sentinel (Carroll, Iowa : 1892)</subfield><subfield code="w">(DLC)sn 85049828</subfield><subfield code="g">Jan. 6, 1892-&lt;Dec. 30, 1896&gt;</subfield></datafield><datafield ind1="0" ind2="0" tag="780"><subfield code="t">Glidden sentinel</subfield><subfield code="w">(DLC)sn 84038192</subfield></datafield><datafield ind1="0" ind2="4" tag="785"><subfield code="t">Carroll herald</subfield><subfield code="w">(DLC)sn 84027059</subfield></datafield><datafield ind1="1" ind2=" " tag="029"><subfield code="a">AU@</subfield><subfield code="b">000023563340</subfield></datafield></record>